
@article{romine_are_2013,
	title = {Are beach erosion rates and sea-level rise related in {Hawaii}?},
	volume = {108},
	issn = {09218181},
	url = {https://linkinghub.elsevier.com/retrieve/pii/S0921818113001513},
	doi = {10.1016/j.gloplacha.2013.06.009},
	language = {en},
	urldate = {2019-10-21},
	journal = {Global and Planetary Change},
	author = {Romine, B. and Fletcher, C. and Barbee, M. and Anderson, T. and Frazer, L.},
	month = sep,
	year = {2013},
	pages = {149--157},
	file = {Romine et al. - 2013 - Are beach erosion rates and sea-level rise related.pdf:/home/student/Zotero/storage/RLYIS986/Romine et al. - 2013 - Are beach erosion rates and sea-level rise related.pdf:application/pdf}
}

@article{zhu_biomechanical_2019,
	title = {Biomechanical properties of marsh vegetation in space and time: effects of salinity, inundation and seasonality},
	issn = {0305-7364, 1095-8290},
	shorttitle = {Biomechanical properties of marsh vegetation in space and time},
	url = {https://academic.oup.com/aob/advance-article/doi/10.1093/aob/mcz063/5485424},
	doi = {10.1093/aob/mcz063},
	language = {en},
	urldate = {2019-10-21},
	journal = {Annals of Botany},
	author = {Zhu, Z. and Yang, Z. and Bouma, T.},
	month = may,
	year = {2019},
	pages = {1--13},
	file = {Zhu et al. - 2019 - Biomechanical properties of marsh vegetation in sp.pdf:/home/student/Zotero/storage/BCKRIB2S/Zhu et al. - 2019 - Biomechanical properties of marsh vegetation in sp.pdf:application/pdf}
}

@article{folkard_biophysical_2019,
	title = {Biophysical {interactions} in {fragmented} {marine} {canopies}: {fundamental} {processes}, {consequences}, and {upscaling}},
	volume = {6},
	issn = {2296-7745},
	shorttitle = {Biophysical {Interactions} in {Fragmented} {Marine} {Canopies}},
	url = {https://www.frontiersin.org/article/10.3389/fmars.2019.00279/full},
	doi = {10.3389/fmars.2019.00279},
	language = {en},
	urldate = {2019-10-21},
	journal = {Frontiers in Marine Science},
	author = {Folkard, A.},
	month = jun,
	year = {2019},
	pages = {279},
	file = {Folkard - 2019 - Biophysical Interactions in Fragmented Marine Cano.pdf:/home/student/Zotero/storage/B6CW982K/Folkard - 2019 - Biophysical Interactions in Fragmented Marine Cano.pdf:application/pdf}
}

@article{silbiger_environmental_2017,
	title = {Environmental drivers of coral reef carbonate production and bioerosion: a multi-scale analysis},
	volume = {98},
	issn = {00129658},
	shorttitle = {Environmental drivers of coral reef carbonate production and bioerosion},
	url = {http://doi.wiley.com/10.1002/ecy.1946},
	doi = {10.1002/ecy.1946},
	language = {en},
	number = {10},
	urldate = {2019-10-21},
	journal = {Ecology},
	author = {Silbiger, N. and Donahue, M. and Brainard, R.},
	month = oct,
	year = {2017},
	pages = {2547--2560},
	file = {Silbiger et al. - 2017 - Environmental drivers of coral reef carbonate prod.pdf:/home/student/Zotero/storage/5MM3C75B/Silbiger et al. - 2017 - Environmental drivers of coral reef carbonate prod.pdf:application/pdf}
}