
@article{chen_eulerianlagrangian_2019,
	title = {Eulerian–{Lagrangian} flow-vegetation interaction model using immersed boundary method and {OpenFOAM}},
	volume = {126},
	issn = {03091708},
	url = {https://linkinghub.elsevier.com/retrieve/pii/S0309170818306523},
	doi = {10.1016/j.advwatres.2019.02.006},
	language = {en},
	urldate = {2019-07-09},
	journal = {Advances in Water Resources},
	author = {Chen, H. and Zou, Q.},
	month = apr,
	year = {2019},
	pages = {176--192},
	file = {Chen and Zou - 2019 - Eulerian–Lagrangian flow-vegetation interaction mo.pdf:/home/student/Zotero/storage/NGHLYRMF/Chen and Zou - 2019 - Eulerian–Lagrangian flow-vegetation interaction mo.pdf:application/pdf}
}

@article{monti_large-eddy_2019,
	title = {Large-eddy simulation of an open-channel flow bounded by a semi-dense rigid filamentous canopy: {scaling} and flow structure},
	volume = {31},
	issn = {1070-6631, 1089-7666},
	shorttitle = {Large-eddy simulation of an open-channel flow bounded by a semi-dense rigid filamentous canopy},
	url = {http://aip.scitation.org/doi/10.1063/1.5095770},
	doi = {10.1063/1.5095770},
	language = {en},
	number = {6},
	urldate = {2019-07-09},
	journal = {Physics of Fluids},
	author = {Monti, A. and Omidyeganeh, M. and Pinelli, A.},
	month = jun,
	year = {2019},
	pages = {065108},
	file = {Monti et al. - 2019 - Large-eddy simulation of an open-channel flow boun.pdf:/home/student/Zotero/storage/NSU5DXBX/Monti et al. - 2019 - Large-eddy simulation of an open-channel flow boun.pdf:application/pdf}
}

@article{chen_simulation_2015,
	title = {Simulation of {flows} through {submerged} {vegetation} {patches} {using} {macroscopic} {turbulence} {models}},
	volume = {126},
	issn = {18777058},
	url = {https://linkinghub.elsevier.com/retrieve/pii/S1877705815035237},
	doi = {10.1016/j.proeng.2015.11.194},
	language = {en},
	urldate = {2019-07-09},
	journal = {Procedia Engineering},
	author = {Chen, Z. and Li, C. and Zhan, J.},
	year = {2015},
	pages = {315--320},
	file = {Chen et al. - 2015 - Simulation of Flows through Submerged Vegetation P.pdf:/home/student/Zotero/storage/2GGA3GL9/Chen et al. - 2015 - Simulation of Flows through Submerged Vegetation P.pdf:application/pdf}
}

@article{koch_moderate_1997,
	title = {Moderate {reynolds} number flows through periodic and random arrays of aligned cylinders},
	volume = {349},
	issn = {0022-1120, 1469-7645},
	url = {https://www.cambridge.org/core/product/identifier/S002211209700671X/type/journal_article},
	doi = {10.1017/S002211209700671X},
	language = {en},
	urldate = {2019-08-11},
	journal = {Journal of Fluid Mechanics},
	author = {Koch, D. and Ladd, A.},
	year = {1997},
	pages = {31--66},
	file = {Koch and Ladd - 1997 - Moderate Reynolds number flows through periodic an.pdf:/home/student/Zotero/storage/8GXL3N62/Koch and Ladd - 1997 - Moderate Reynolds number flows through periodic an.pdf:application/pdf}
}

@article{stone_hydraulic_2002,
	title = {Hydraulic {resistance} of {flow} in {channels} with {cylindrical} {roughness}},
	volume = {128},
	issn = {0733-9429, 1943-7900},
	url = {http://ascelibrary.org/doi/10.1061/%28ASCE%290733-9429%282002%29128%3A5%28500%29},
	doi = {10.1061/(ASCE)0733-9429(2002)128:5(500)},
	language = {en},
	number = {5},
	urldate = {2019-08-11},
	journal = {Journal of Hydraulic Engineering},
	author = {Stone, B. and Shen, H.},
	month = may,
	year = {2002},
	pages = {500--506},
	file = {Stone and Shen - 2002 - Hydraulic Resistance of Flow in Channels with Cyli.pdf:/home/student/Zotero/storage/G6DM8P4B/Stone and Shen - 2002 - Hydraulic Resistance of Flow in Channels with Cyli.pdf:application/pdf}
}

@article{thompson_shear_2004,
	title = {Shear stress partitioning for idealized vegetated surfaces},
	volume = {47},
	issn = {2151-0059},
	url = {http://elibrary.asabe.org/abstract.asp??JID=3&AID=16102&CID=t2004&v=47&i=3&T=1},
	doi = {10.13031/2013.16102},
	language = {en},
	number = {3},
	urldate = {2019-08-11},
	journal = {Transactions of the ASAE},
	author = {Thompson, A. and Wilson, B. and Hansen, B.},
	month = may,
	year = {2004},
	pages = {701--709},
	file = {A. M. Thompson et al. - 2004 - SHEAR STRESS PARTITIONING FOR IDEALIZED VEGETATED .pdf:/home/student/Zotero/storage/MBUHV8YQ/A. M. Thompson et al. - 2004 - SHEAR STRESS PARTITIONING FOR IDEALIZED VEGETATED .pdf:application/pdf}
}

@article{nezu_turburence_2008,
	title = {Turburence structure and coherent motion in vegetated canopy open-channel flows},
	volume = {2},
	issn = {15706443},
	url = {https://linkinghub.elsevier.com/retrieve/pii/S1570644308000270},
	doi = {10.1016/j.jher.2008.05.003},
	language = {en},
	number = {2},
	urldate = {2019-08-11},
	journal = {Journal of Hydro-environment Research},
	author = {Nezu, I. and Sanjou, M.},
	month = oct,
	year = {2008},
	pages = {62--90},
	file = {Nezu and Sanjou - 2008 - Turburence structure and coherent motion in vegeta.pdf:/home/student/Zotero/storage/FDXDV5PI/Nezu and Sanjou - 2008 - Turburence structure and coherent motion in vegeta.pdf:application/pdf}
}

@article{cheng_hydraulic_2011,
	title = {Hydraulic {radius} for {evaluating} {resistance} {induced} by {simulated} {emergent} {vegetation} in {open}-{channel} {flows}},
	volume = {137},
	issn = {0733-9429, 1943-7900},
	url = {http://ascelibrary.org/doi/10.1061/%28ASCE%29HY.1943-7900.0000377},
	doi = {10.1061/(ASCE)HY.1943-7900.0000377},
	language = {en},
	number = {9},
	urldate = {2019-08-11},
	journal = {Journal of Hydraulic Engineering},
	author = {Cheng, N. and Nguyen, H.},
	month = sep,
	year = {2011},
	pages = {995--1004},
	file = {2008-TANINO-and-NAPF-lab-investigation-meand-drag-rigid-emergent-cylinders.pdf:/home/student/Zotero/storage/68HAS5A3/2008-TANINO-and-NAPF-lab-investigation-meand-drag-rigid-emergent-cylinders.pdf:application/pdf;Cheng and Nguyen - 2011 - Hydraulic Radius for Evaluating Resistance Induced.pdf:/home/student/Zotero/storage/A6EEGK8L/Cheng and Nguyen - 2011 - Hydraulic Radius for Evaluating Resistance Induced.pdf:application/pdf}
}

@article{irvine_understanding_2018,
	title = {Understanding bioswale as a small water and wastewater treatment plant: {a} theoretical review},
	volume = {135},
	shorttitle = {Understanding bioswale as a small water and wastewater treatment plant},
	url = {http://www.deswater.com/DWT_abstracts/vol_135/135_2018_1.pdf},
	doi = {10.5004/dwt.2018.23119},
	language = {en},
	urldate = {2019-08-11},
	journal = {Desalination and Water Treatment},
	author = {Irvine, J. and Kim, A.},
	month = dec,
	year = {2018},
	pages = {1--15},
	file = {Irvine and Kim - 2018 - Understanding bioswale as a small water and wastew.pdf:/home/student/Zotero/storage/WB4JB35E/Irvine and Kim - 2018 - Understanding bioswale as a small water and wastew.pdf:application/pdf}
}

@article{chen_eulerianlagrangian_2019-1,
	title = {Eulerian–{Lagrangian} flow-vegetation interaction model using immersed boundary method and {OpenFOAM}},
	volume = {126},
	issn = {03091708},
	url = {https://linkinghub.elsevier.com/retrieve/pii/S0309170818306523},
	doi = {10.1016/j.advwatres.2019.02.006},
	language = {en},
	urldate = {2019-08-11},
	journal = {Advances in Water Resources},
	author = {Chen, H. and Zou, Q.},
	month = apr,
	year = {2019},
	pages = {176--192},
	file = {Chen and Zou - 2019 - Eulerian–Lagrangian flow-vegetation interaction mo.pdf:/home/student/Zotero/storage/87JVBK8A/Chen and Zou - 2019 - Eulerian–Lagrangian flow-vegetation interaction mo.pdf:application/pdf}
}

@article{sharma_conditional_2019,
	title = {Conditional {statistics} of {reynolds} {stress} in {curvilinear} {cross} {section} {incipient} {motion} {channel}},
	volume = {46},
	issn = {0097-8078, 1608-344X},
	url = {http://link.springer.com/10.1134/S0097807819030035},
	doi = {10.1134/S0097807819030035},
	language = {en},
	number = {3},
	urldate = {2019-08-11},
	journal = {Water Resources},
	author = {Sharma, A. and Kumar, B.},
	month = may,
	year = {2019},
	pages = {367--376},
	file = {Anurag Sharma and Bimlesh Kumar - 2019 - Conditional Statistics of Reynolds Stress in Curvi.pdf:/home/student/Zotero/storage/GRZL27YX/Anurag Sharma and Bimlesh Kumar - 2019 - Conditional Statistics of Reynolds Stress in Curvi.pdf:application/pdf}
}

@article{brown_calibration_2013,
	title = {Calibration and validation of {drainmod} to model bioretention hydrology},
	volume = {486},
	issn = {00221694},
	url = {https://linkinghub.elsevier.com/retrieve/pii/S0022169413001297},
	doi = {10.1016/j.jhydrol.2013.02.017},
	language = {en},
	urldate = {2019-08-11},
	journal = {Journal of Hydrology},
	author = {Brown, R. and Skaggs, R. and Hunt, W.},
	month = apr,
	year = {2013},
	pages = {430--442},
	file = {Brown et al. - 2013 - Calibration and validation of DRAINMOD to model bi.pdf:/home/student/Zotero/storage/K8NKWMST/Brown et al. - 2013 - Calibration and validation of DRAINMOD to model bi.pdf:application/pdf}
}

@article{ghisalberti_shallow_2009,
	title = {Shallow {flows} {over} a {permeable} {medium}: {the} {hydrodynamics} of {submerged} {aquatic} {canopies}},
	volume = {78},
	issn = {0169-3913, 1573-1634},
	shorttitle = {Shallow {Flows} {Over} a {Permeable} {Medium}},
	url = {http://link.springer.com/10.1007/s11242-008-9305-x},
	doi = {10.1007/s11242-008-9305-x},
	language = {en},
	number = {2},
	urldate = {2019-08-11},
	journal = {Transport in Porous Media},
	author = {Ghisalberti, M. and Nepf, H.},
	month = jun,
	year = {2009},
	pages = {309--326},
	file = {Ghisalberti and Nepf - 2009 - Shallow Flows Over a Permeable Medium The Hydrody.pdf:/home/student/Zotero/storage/WIAVP4SU/Ghisalberti and Nepf - 2009 - Shallow Flows Over a Permeable Medium The Hydrody.pdf:application/pdf}
}

@article{yu_impact_2019-1,
	title = {Impact of {vegetation} {density} on the {wake} {structure}},
	volume = {11},
	issn = {2073-4441},
	url = {https://www.mdpi.com/2073-4441/11/6/1266},
	doi = {10.3390/w11061266},
	language = {en},
	number = {6},
	urldate = {2019-08-11},
	journal = {Water},
	author = {Yu, Z. and Wang, D. and Liu, X.},
	month = jun,
	year = {2019},
	pages = {1266},
	file = {Yu et al. - 2019 - Impact of Vegetation Density on the Wake Structure.pdf:/home/student/Zotero/storage/CYQBZ28M/Yu et al. - 2019 - Impact of Vegetation Density on the Wake Structure.pdf:application/pdf}
}

@article{wu_instability_2019,
	title = {Instability analysis of the flow between two parallel plates where the bottom one coated with porous media},
	volume = {130},
	issn = {03091708},
	url = {https://linkinghub.elsevier.com/retrieve/pii/S0309170818305931},
	doi = {10.1016/j.advwatres.2019.06.002},
	language = {en},
	urldate = {2019-08-11},
	journal = {Advances in Water Resources},
	author = {Wu, Z. and Mirbod, P.},
	month = aug,
	year = {2019},
	pages = {221--228},
	file = {Wu and Mirbod - 2019 - Instability analysis of the flow between two paral.pdf:/home/student/Zotero/storage/GJJPZKWF/Wu and Mirbod - 2019 - Instability analysis of the flow between two paral.pdf:application/pdf}
}

@article{nepf_retention_2007,
	title = {Retention time and dispersion associated with submerged aquatic canopies},
	volume = {43},
	issn = {00431397},
	shorttitle = {Retention time and dispersion associated with submerged aquatic canopies},
	url = {http://doi.wiley.com/10.1029/2006WR005362},
	doi = {10.1029/2006WR005362},
	language = {en},
	number = {4},
	urldate = {2019-08-11},
	journal = {Water Resources Research},
	author = {Nepf, H. and Ghisalberti, M. and White, B. and Murphy, E.},
	month = apr,
	year = {2007},
	file = {Nepf et al. - 2007 - Retention time and dispersion associated with subm.pdf:/home/student/Zotero/storage/AIQU4L37/Nepf et al. - 2007 - Retention time and dispersion associated with subm.pdf:application/pdf}
}

@article{chen_simulation_2015-1,
	title = {Simulation of {flows} through {submerged} {vegetation} {patches} {using} {macroscopic} {turbulence} {models}},
	volume = {126},
	issn = {18777058},
	url = {https://linkinghub.elsevier.com/retrieve/pii/S1877705815035237},
	doi = {10.1016/j.proeng.2015.11.194},
	language = {en},
	urldate = {2019-08-11},
	journal = {Procedia Engineering},
	author = {Chen, Z. and Li, C. and Zhan, J.},
	year = {2015},
	pages = {315--320},
	file = {Chen et al. - 2015 - Simulation of Flows through Submerged Vegetation P.pdf:/home/student/Zotero/storage/43LQRPXU/Chen et al. - 2015 - Simulation of Flows through Submerged Vegetation P.pdf:application/pdf}
}

@article{gao_application_2015,
	title = {Application of {BMP} to urban runoff control using {sustain} model: {case} study in an industrial area},
	volume = {318},
	issn = {03043800},
	shorttitle = {Application of {BMP} to urban runoff control using {SUSTAIN} model},
	url = {https://linkinghub.elsevier.com/retrieve/pii/S0304380015002677},
	doi = {10.1016/j.ecolmodel.2015.06.018},
	language = {en},
	urldate = {2019-08-11},
	journal = {Ecological Modelling},
	author = {Gao, J. and Wang, R. and Huang, J. and Liu, M.},
	month = dec,
	year = {2015},
	pages = {177--183},
	file = {Gao et al. - 2015 - Application of BMP to urban runoff control using S.pdf:/home/student/Zotero/storage/94PIFFWJ/Gao et al. - 2015 - Application of BMP to urban runoff control using S.pdf:application/pdf}
}

@article{vargas-luna_effects_2015,
	title = {Effects of vegetation on flow and sediment transport: comparative analyses and validation of predicting models},
	volume = {40},
	issn = {01979337},
	shorttitle = {Effects of vegetation on flow and sediment transport},
	url = {http://doi.wiley.com/10.1002/esp.3633},
	doi = {10.1002/esp.3633},
	language = {en},
	number = {2},
	urldate = {2019-08-11},
	journal = {Earth Surface Processes and Landforms},
	author = {Vargas-Luna, A. and Crosato, A. and Uijttewaal, Wim S.},
	month = feb,
	year = {2015},
	pages = {157--176},
	file = {Vargas-Luna et al. - 2015 - Effects of vegetation on flow and sediment transpo.pdf:/home/student/Zotero/storage/DAKQ8X2B/Vargas-Luna et al. - 2015 - Effects of vegetation on flow and sediment transpo.pdf:application/pdf}
}

@article{irvine_coupled_2018,
	title = {Coupled transport phenomena of a bioswale process during storm runoff events: {a} {CFD} study using {OpenFOAM}},
	doi = {10.5004/dwt.2019.23459},
	number = {140},
	journal = {Desalination and water treatment},
	author = {Irvine, J. and Kim, A.},
	month = dec,
	year = {2018},
	pages = {103--117},
	file = {REVISION-DWT-2D-bioswales-CLEAN.pdf:/home/student/Zotero/storage/G77MFUZV/REVISION-DWT-2D-bioswales-CLEAN.pdf:application/pdf}
}