
@article{nepf_drag_1999,
	title = {Drag, turbulence, and diffusion in flow through emergent vegetation},
	volume = {35},
	issn = {00431397},
	url = {http://doi.wiley.com/10.1029/1998WR900069},
	doi = {10.1029/1998WR900069},
	language = {en},
	number = {2},
	urldate = {2019-10-21},
	journal = {Water Resources Research},
	author = {Nepf, H. M.},
	month = feb,
	year = {1999},
	pages = {479--489},
	file = {Nepf - 1999 - Drag, turbulence, and diffusion in flow through em.pdf:/home/student/Zotero/storage/GTSEE46E/Nepf - 1999 - Drag, turbulence, and diffusion in flow through em.pdf:application/pdf}
}

@article{ishikawa_effect_2003,
	title = {Effect of density of riparian vegetation on effective tractive force},
	volume = {8},
	issn = {1341-6979, 1610-7403},
	url = {https://www.tandfonline.com/doi/full/10.1007/s10310-003-0032-4},
	doi = {10.1007/s10310-003-0032-4},
	language = {en},
	number = {4},
	urldate = {2019-10-21},
	journal = {Journal of Forest Research},
	author = {Ishikawa, Yoshiharu and Sakamoto, Toyokazu and Mizuhara, Kunio},
	month = nov,
	year = {2003},
	pages = {235--246},
	file = {Ishikawa et al. - 2003 - Effect of density of riparian vegetation on effect.pdf:/home/student/Zotero/storage/JWCGC8PK/Ishikawa et al. - 2003 - Effect of density of riparian vegetation on effect.pdf:application/pdf}
}

@article{jordanova_experimental_2003,
	title = {Experimental {Study} of {Bed} {Load} {Transport} through {Emergent} {Vegetation}},
	volume = {129},
	issn = {0733-9429, 1943-7900},
	url = {http://ascelibrary.org/doi/10.1061/%28ASCE%290733-9429%282003%29129%3A6%28474%29},
	doi = {10.1061/(ASCE)0733-9429(2003)129:6(474)},
	language = {en},
	number = {6},
	urldate = {2019-10-21},
	journal = {Journal of Hydraulic Engineering},
	author = {Jordanova, Angelina A. and James, C. S.},
	month = jun,
	year = {2003},
	pages = {474--478},
	file = {Jordanova and James - 2003 - Experimental Study of Bed Load Transport through E.pdf:/home/student/Zotero/storage/TBA9BYYW/Jordanova and James - 2003 - Experimental Study of Bed Load Transport through E.pdf:application/pdf}
}

@article{james_flow_2004,
	title = {Flow resistance of emergent vegetation},
	volume = {42},
	issn = {0022-1686, 1814-2079},
	url = {https://www.tandfonline.com/doi/full/10.1080/00221686.2004.9728404},
	doi = {10.1080/00221686.2004.9728404},
	language = {en},
	number = {4},
	urldate = {2019-10-21},
	journal = {Journal of Hydraulic Research},
	author = {{C. S. James} and {Birkhead A. L.} and {Jordanova A. A.} and {OSullivan J. J.}},
	month = jan,
	year = {2004},
	pages = {390--398},
	file = {James et al. - 2004 - Flow resistance of emergent vegetation.pdf:/home/student/Zotero/storage/IGBXZRBZ/James et al. - 2004 - Flow resistance of emergent vegetation.pdf:application/pdf}
}

@article{a._m._thompson_shear_2004,
	title = {{SHEAR} {STRESS} {PARTITIONING} {FOR} {IDEALIZED} {VEGETATED} {SURFACES}},
	volume = {47},
	issn = {2151-0059},
	url = {http://elibrary.asabe.org/abstract.asp??JID=3&AID=16102&CID=t2004&v=47&i=3&T=1},
	doi = {10.13031/2013.16102},
	language = {en},
	number = {3},
	urldate = {2019-10-21},
	journal = {Transactions of the ASAE},
	author = {{A. M. Thompson} and {B. N. Wilson} and {B. J. Hansen}},
	month = may,
	year = {May 2004},
	pages = {701--709},
	file = {A. M. Thompson et al. - 2004 - SHEAR STRESS PARTITIONING FOR IDEALIZED VEGETATED .pdf:/home/student/Zotero/storage/A6QZHMW6/A. M. Thompson et al. - 2004 - SHEAR STRESS PARTITIONING FOR IDEALIZED VEGETATED .pdf:application/pdf}
}

@article{murphy_model_2007,
	title = {Model and laboratory study of dispersion in flows with submerged vegetation: {dispersion} {in} {flows} {with} {submerged} {vegetation}},
	volume = {43},
	issn = {00431397},
	shorttitle = {Model and laboratory study of dispersion in flows with submerged vegetation},
	url = {http://doi.wiley.com/10.1029/2006WR005229},
	doi = {10.1029/2006WR005229},
	language = {en},
	number = {5},
	urldate = {2019-10-21},
	journal = {Water Resources Research},
	author = {Murphy, E. and Ghisalberti, M. and Nepf, H.},
	month = may,
	year = {2007},
	file = {Murphy et al. - 2007 - Model and laboratory study of dispersion in flows .pdf:/home/student/Zotero/storage/6VHH9DHU/Murphy et al. - 2007 - Model and laboratory study of dispersion in flows .pdf:application/pdf}
}

@article{sharpe_deposition_2007,
	title = {Deposition of sediment from suspension in emergent vegetation},
	volume = {32},
	issn = {0378-4738},
	url = {http://www.ajol.info/index.php/wsa/article/view/5244},
	doi = {10.4314/wsa.v32i2.5244},
	language = {en},
	number = {2},
	urldate = {2019-10-21},
	journal = {Water SA},
	author = {Sharpe, R. and James, C.},
	month = dec,
	year = {2007},
	pages = {211--218},
	file = {Sharpe and James - 2007 - Deposition of sediment from suspension in emergent.pdf:/home/student/Zotero/storage/DGILRT4J/Sharpe and James - 2007 - Deposition of sediment from suspension in emergent.pdf:application/pdf}
}

@article{liu_experimental_2008,
	title = {An experimental study of flow through rigid vegetation},
	volume = {113},
	issn = {0148-0227},
	url = {http://doi.wiley.com/10.1029/2008JF001042},
	doi = {10.1029/2008JF001042},
	language = {en},
	number = {F4},
	urldate = {2019-10-21},
	journal = {Journal of Geophysical Research},
	author = {Liu, D. and Diplas, P. and Fairbanks, J. and Hodges, C.},
	month = dec,
	year = {2008},
	pages = {F04015},
	file = {Liu et al. - 2008 - An experimental study of flow through rigid vegeta.pdf:/home/student/Zotero/storage/CIKZE9FA/Liu et al. - 2008 - An experimental study of flow through rigid vegeta.pdf:application/pdf}
}

@article{tanino_laboratory_2008,
	title = {Laboratory {investigation} of {mean} {drag} in a {random} {array} of {rigid}, {emergent} {cylinders}},
	volume = {134},
	issn = {0733-9429, 1943-7900},
	url = {http://ascelibrary.org/doi/10.1061/%28ASCE%290733-9429%282008%29134%3A1%2834%29},
	doi = {10.1061/(ASCE)0733-9429(2008)134:1(34)},
	language = {en},
	number = {1},
	urldate = {2019-10-21},
	journal = {Journal of Hydraulic Engineering},
	author = {Tanino, Y. and Nepf, H.},
	month = jan,
	year = {2008},
	pages = {34--41},
	file = {Tanino and Nepf - 2008 - Laboratory Investigation of Mean Drag in a Random .pdf:/home/student/Zotero/storage/EH2HQXYP/Tanino and Nepf - 2008 - Laboratory Investigation of Mean Drag in a Random .pdf:application/pdf}
}

@article{kothyari_effect_2009,
	title = {Effect of tall vegetation on sediment transport by channel flows},
	volume = {47},
	issn = {0022-1686, 1814-2079},
	url = {https://www.tandfonline.com/doi/full/10.3826/jhr.2009.3317},
	doi = {10.3826/jhr.2009.3317},
	language = {en},
	number = {6},
	urldate = {2019-10-21},
	journal = {Journal of Hydraulic Research},
	author = {Kothyari, U. and Hashimoto, H. and Hayashi, K.},
	month = nov,
	year = {2009},
	pages = {700--710},
	file = {Kothyari et al. - 2009 - Effect of tall vegetation on sediment transport by.pdf:/home/student/Zotero/storage/HKSYPICJ/Kothyari et al. - 2009 - Effect of tall vegetation on sediment transport by.pdf:application/pdf}
}

@article{cheng_representative_2011,
	title = {Representative roughness height of submerged vegetation: {representative} {roughness} {height} {of} {submerged} {vegetation}},
	volume = {47},
	issn = {00431397},
	shorttitle = {Representative roughness height of submerged vegetation},
	url = {http://doi.wiley.com/10.1029/2011WR010590},
	doi = {10.1029/2011WR010590},
	language = {en},
	number = {8},
	urldate = {2019-10-21},
	journal = {Water Resources Research},
	author = {Cheng, N.},
	month = aug,
	year = {2011},
	file = {Cheng - 2011 - Representative roughness height of submerged veget.pdf:/home/student/Zotero/storage/LDP4RKU3/Cheng - 2011 - Representative roughness height of submerged veget.pdf:application/pdf}
}

@article{shields_representation_2017,
	title = {Representation of {vegetation} in {two}-{dimensional} {hydrodynamic} {models}},
	volume = {143},
	issn = {0733-9429, 1943-7900},
	url = {http://ascelibrary.org/doi/10.1061/%28ASCE%29HY.1943-7900.0001320},
	doi = {10.1061/(ASCE)HY.1943-7900.0001320},
	language = {en},
	number = {8},
	urldate = {2019-10-21},
	journal = {Journal of Hydraulic Engineering},
	author = {Shields, F.  and Coulton, K. and Nepf, H.},
	month = aug,
	year = {2017},
	pages = {02517002},
	file = {Shields et al. - 2017 - Representation of Vegetation in Two-Dimensional Hy.pdf:/home/student/Zotero/storage/EAEXTTBB/Shields et al. - 2017 - Representation of Vegetation in Two-Dimensional Hy.pdf:application/pdf}
}

@article{ghisalberti_mass_2005,
	title = {Mass {transport} in {vegetated} {shear} {flows}},
	volume = {5},
	issn = {1567-7419, 1573-1510},
	url = {http://link.springer.com/10.1007/s10652-005-0419-1},
	doi = {10.1007/s10652-005-0419-1},
	language = {en},
	number = {6},
	urldate = {2019-10-21},
	journal = {Environmental Fluid Mechanics},
	author = {Ghisalberti, M. and Nepf, H.},
	month = dec,
	year = {2005},
	pages = {527--551},
	file = {Ghisalberti and Nepf - 2005 - Mass Transport in Vegetated Shear Flows.pdf:/home/student/Zotero/storage/TMFM3YGJ/Ghisalberti and Nepf - 2005 - Mass Transport in Vegetated Shear Flows.pdf:application/pdf}
}

@article{yu_impact_2019,
	title = {Impact of {vegetation} {density} on the {wake} {structure}},
	volume = {11},
	issn = {2073-4441},
	url = {https://www.mdpi.com/2073-4441/11/6/1266},
	doi = {10.3390/w11061266},
	language = {en},
	number = {6},
	urldate = {2019-10-21},
	journal = {Water},
	author = {Yu, Z. and Wang, D. and Liu, X.},
	month = jun,
	year = {2019},
	pages = {1266},
	file = {Yu et al. - 2019 - Impact of Vegetation Density on the Wake Structure.pdf:/home/student/Zotero/storage/9W8G3TH6/Yu et al. - 2019 - Impact of Vegetation Density on the Wake Structure.pdf:application/pdf}
}

@article{finnigan_turbulence_2009,
	title = {Turbulence structure above a vegetation canopy},
	volume = {637},
	issn = {0022-1120, 1469-7645},
	url = {https://www.cambridge.org/core/product/identifier/S0022112009990589/type/journal_article},
	doi = {10.1017/S0022112009990589},
	language = {en},
	urldate = {2019-10-21},
	journal = {Journal of Fluid Mechanics},
	author = {Finnigan, J. and Shaw, R. and Patton, E.},
	month = oct,
	year = {2009},
	pages = {387--424},
	file = {Finnigan et al. - 2009 - Turbulence structure above a vegetation canopy.pdf:/home/student/Zotero/storage/YUXTWACS/Finnigan et al. - 2009 - Turbulence structure above a vegetation canopy.pdf:application/pdf}
}