@article{King2012,
author = {King, A. T. and Tinoco, R. O. and Cowen, E. A.},
doi = {10.1017/jfm.2012.113},
file = {:home/student/.local/share/data/Mendeley Ltd./Mendeley Desktop/Downloaded/King, Tinoco, Cowen - 2012 - A k-$\epsilon$ turbulence model based on the scales of vertical shear and stem wakes valid for emergent and submerg.pdf:pdf},
issn = {00221120},
journal = {Journal of Fluid Mechanics},
keywords = {geophysical and geological flows,turbulence modelling,turbulent mixing},
pages = {1--39},
title = {{A k-e turbulence model based on the scales of vertical shear and stem wakes valid for emergent and submerged vegetated flows}},
volume = {701},
year = {2012}
}
