
@article{yang_turbulencebased_2018,
	title = {A {turbulence}‐{based} {bed}‐{load} {transport} {model} for {bare} and {vegetated} {channels}},
	volume = {45},
	issn = {0094-8276, 1944-8007},
	url = {https://onlinelibrary.wiley.com/doi/abs/10.1029/2018GL079319},
	doi = {10.1029/2018GL079319},
	language = {en},
	number = {19},
	urldate = {2019-10-02},
	journal = {Geophysical Research Letters},
	author = {Yang, J.  and Nepf, H. },
	month = oct,
	year = {2018},
	pages = {10,428--10,436},
	file = {Yang and Nepf - 2018 - A Turbulence‐Based Bed‐Load Transport Model for Ba.pdf:/home/student/Zotero/storage/3PVSJ4ZV/Yang and Nepf - 2018 - A Turbulence‐Based Bed‐Load Transport Model for Ba.pdf:application/pdf}
}

@article{petit_dimensionless_2015,
	title = {Dimensionless critical shear stress in gravel-bed rivers},
	volume = {250},
	issn = {0169555X},
	url = {https://linkinghub.elsevier.com/retrieve/pii/S0169555X15301446},
	doi = {10.1016/j.geomorph.2015.09.008},
	language = {en},
	urldate = {2019-10-02},
	journal = {Geomorphology},
	author = {Petit, F. and Houbrechts, G. and Peeters, A. and Hallot, E. and Van Campenhout, J. and Denis, A.},
	month = dec,
	year = {2015},
	pages = {308--320},
	file = {Petit et al. - 2015 - Dimensionless critical shear stress in gravel-bed .pdf:/home/student/Zotero/storage/2AQ7KEB5/Petit et al. - 2015 - Dimensionless critical shear stress in gravel-bed .pdf:application/pdf}
}

@article{crone_basic_nodate,
	title = {The {basic} {sediment} {transport} {equations} {made} {ridiculously} {simple}},
	language = {en},
	author = {Crone, T.},
	pages = {5},
	file = {Crone - The Basic Sediment Transport Equations Made Ridicu.pdf:/home/student/Zotero/storage/IGCSF8CJ/Crone - The Basic Sediment Transport Equations Made Ridicu.pdf:application/pdf}
}

@article{yang_estimation_2015,
	title = {Estimation of the bed shear stress in vegetated and bare channels with smooth beds: {estimation} {of} {the} {bed} {shear} {stress}},
	volume = {51},
	issn = {00431397},
	shorttitle = {Estimation of the bed shear stress in vegetated and bare channels with smooth beds},
	url = {http://doi.wiley.com/10.1002/2014WR016042},
	doi = {10.1002/2014WR016042},
	language = {en},
	number = {5},
	urldate = {2019-10-02},
	journal = {Water Resources Research},
	author = {Yang, J. and Kerger, F. and Nepf, H.},
	month = may,
	year = {2015},
	pages = {3647--3663},
	file = {Yang et al. - 2015 - Estimation of the bed shear stress in vegetated an.pdf:/home/student/Zotero/storage/MGYW7Z37/Yang et al. - 2015 - Estimation of the bed shear stress in vegetated an.pdf:application/pdf}
}

@article{natural_resources_sediment_2004,
	title = {Sediment {particle} {entrainment} and {transport}},
	author = {Natural Resources, Vermont Agency of},
	journal = {Stream Geomorphic Assessment Handbooks},
	year = {2004},
	month = {April},
	file = {rv_sediment_particle_entrainment_and_transport.pdf:/home/student/Zotero/storage/SGWQPIJA/rv_sediment_particle_entrainment_and_transport.pdf:application/pdf}
}

@article{nepf_hydrodynamics_2012,
	title = {Hydrodynamics of vegetated channels},
	volume = {50},
	issn = {0022-1686, 1814-2079},
	url = {https://www.tandfonline.com/doi/full/10.1080/00221686.2012.696559},
	doi = {10.1080/00221686.2012.696559},
	language = {en},
	number = {3},
	urldate = {2019-10-08},
	journal = {Journal of Hydraulic Research},
	author = {Nepf, H.},
	month = jun,
	year = {2012},
	pages = {262--279},
	file = {Nepf - 2012 - Hydrodynamics of vegetated channels.pdf:/home/student/Zotero/storage/G6K9B2GH/Nepf - 2012 - Hydrodynamics of vegetated channels.pdf:application/pdf}
}