@article{kim-2019-comput-fluid,
  author =	 {Kim, A and Kim, H. and Lee, H. and Koh, M.},
  title =	 {Computational fluid dynamics of a corrugated
                  plate-and-frame heat exchanger used for ocean
                  thermal energy conversion},
  journal =	 {Journal of Environmental Engineering (accepted)},
  doi =		 {10.1061/(asce)ee.1943-7870.0001688},

  url =		 {http://albertsk.org},
}

@article{nepf-1999-drag-turbul,
  author =	 {Nepf, H.},
  title =	 {Drag, turbulence, and diffusion in flow through emergent vegetation},
  journal =	 {Water Resources Research},
  volume =	 35,
  number =	 2,
  pages =	 {479--489},
  year =	 1999,
  doi =		 {10.1029/1998wr900069},
  url =		 {https://doi.org/10.1029/1998wr900069},
  month =	 {feb},
  publisher =	 {American Geophysical Union ({AGU})},
}

@article{nepf-2000-flow-struc,
  author =	 {Nepf, H. and Vivoni, E.},
  title =	 {Flow structure in depth-limited, vegetated flow},
  journal =	 {Journal of Geophysical Research:Oceans},
  volume =	 105,
  number =	 {C12},
  pages =	 {28547--28557},
  year =	 2000,
  doi =		 {10.1029/2000jc900145},
  url =		 {https://doi.org/10.1029/2000jc900145},
  month =	 {dec},
  publisher =	 {American Geophysical Union ({AGU})},
}
@article{ghisalberti-2002-mixin-layer,
  author =	 { Ghisalberti, M.},
  title =	 {Mixing layers and coherent structures in vegetated
                  aquatic flows},
  journal =	 {Journal of Geophysical Research},
  volume =	 107,
  number =	 {C2},
  year =	 2002,
  doi =		 {10.1029/2001jc000871},
  url =		 {https://doi.org/10.1029/2001jc000871},
  publisher =	 {American Geophysical Union ({AGU})},
}

@article{nepf-2012-flow-trans,
  author =	 { Nepf, H.},
  title =	 {Flow and transport in regions with aquatic
                  Vegetation},
  journal =	 {Annual Review of Fluid Mechanics},
  volume =	 44,
  number =	 1,
  pages =	 {123--142},
  year =	 2012,
  doi =		 {10.1146/annurev-fluid-120710-101048},
  url =		 {https://doi.org/10.1146/annurev-fluid-120710-101048},
  month =	 {jan},
  publisher =	 {Annual Reviews},
}

@article{tanino-2008-labor-inves,
  author =       {Tanino, Y. and Nepf, H.},
  title =        {Laboratory investigation of mean drag in a random
                  array of rigid, emergent cylinders},
  journal =      {Journal of Hydraulic Engineering},
  volume =       134,
  number =       1,
  pages =        {34--41},
  year =         2008,
  doi =          {10.1061/(asce)0733-9429(2008)134:1(34)},
  url =
                  {https://doi.org/10.1061/(asce)0733-9429(2008)134:1(34)},
  month =        {jan},
  publisher =    {American Society of Civil Engineers ({ASCE})},
}

@article{nepf-2012-hydrod-veget-chann,
  author =       {Nepf, H.},
  title =        {Hydrodynamics of vegetated channels},
  journal =      {Journal of Hydraulic Research},
  volume =       50,
  number =       3,
  pages =        {262--279},
  year =         2012,
  doi =          {10.1080/00221686.2012.696559},
  url =          {https://doi.org/10.1080/00221686.2012.696559},
  month =        {jun},
  publisher =    {Informa {UK} Limited},
}

@article{ghisalberti-2004-limit-growt,
  author =       {Ghisalberti, M.  and  Nepf, H.},
  title =        {The limited growth of vegetated shear layers},
  journal =      {Water Resources Research},
  volume =       40,
  number =       7,
  year =         2004,
  doi =          {10.1029/2003wr002776},
  url =          {https://doi.org/10.1029/2003wr002776},
  month =        {jul},
  publisher =    {American Geophysical Union ({AGU})},
}

@article{ghisalberti-2006-struc-shear,
  author =       {Ghisalberti, M.  and  Nepf, H.},
  title =        {The structure of the shear layer in flows oer rigid
                  and flexible canopies},
  journal =      {Environmental Fluid Mechanics},
  volume =       6,
  number =       3,
  pages =        {277--301},
  year =         2006,
  doi =          {10.1007/s10652-006-0002-4},
  url =          {https://doi.org/10.1007/s10652-006-0002-4},
  month =        {jun},
  publisher =    {Springer Science and Business Media {LLC}},
}


@article{luhar-2008-inter-between,
  author =       { Luhar, M. and Rominger, J. and Nepf, H.},
  title =        {Interaction between flow, transport and vegetation
                  spatial structure},
  journal =      {Environmental Fluid Mechanics},
  volume =       8,
  number =       {5-6},
  pages =        {423--439},
  year =         2008,
  doi =          {10.1007/s10652-008-9080-9},
  url =          {https://doi.org/10.1007/s10652-008-9080-9},
  month =        {jul},
  publisher =    {Springer Science and Business Media {LLC}},
}

@article{white-2007-shear-instab,
  author =	 {White, B. and Nepf, H.},
  title =	 {Shear instability and coherent structures in shallow
                  flow adjacent to a porous layer},
  journal =	 {Journal of Fluid Mechanics},
  volume =	 593,
  pages =	 {1--32},
  year =	 2007,
  doi =		 {10.1017/s0022112007008415},
  url =		 {https://doi.org/10.1017/s0022112007008415},
  month =	 {nov},
  publisher =	 {Cambridge University Press ({CUP})},
}

@article{ghisalberti-2005-mass-trans,
  author =	 {Ghisalberti, M.  and  Nepf, H.},
  title =	 {Mass transport in vegetated shear flows},
  journal =	 {Environmental Fluid Mechanics},
  volume =	 5,
  number =	 6,
  pages =	 {527--551},
  year =	 2005,
  doi =		 {10.1007/s10652-005-0419-1},
  url =		 {https://doi.org/10.1007/s10652-005-0419-1},
  month =	 {dec},
  publisher =	 {Springer Science and Business Media {LLC}},
}

@article{testik-2015-anatom-propag,
  author =	 {Testik, F. and Yilmaz, N.},
  title =	 {Anatomy and propagation dynamics of continuous-flux
                  release bottom gravity currents through emergent
                  aquatic vegetation},
  journal =	 {Physics of Fluids},
  volume =	 27,
  number =	 5,
  pages =	 056603,
  year =	 2015,
  doi =		 {10.1063/1.4919783},
  url =		 {https://doi.org/10.1063/1.4919783},
  DATE_ADDED =	 {Thu Oct 10 18:46:57 2019},
}

@article{felderhof-2017-swimm-linear,
  author =	 {Felderhof, B.},
  title =	 {Swimming of a linear chain with a cargo in an
                  incompressible viscous fluid with inertia},
  journal =	 {Physics of Fluids},
  volume =	 29,
  number =	 1,
  pages =	 011901,
  year =	 2017,
  doi =		 {10.1063/1.4973711},
  url =		 {https://doi.org/10.1063/1.4973711},
  DATE_ADDED =	 {Thu Oct 10 18:51:03 2019},
}

@article{sharpe-2002-shock-induc,
  author =	 {Sharpe, G.},
  title =	 {Shock-induced ignition for a two-step
                  chain-branching kinetics model},
  journal =	 {Physics of Fluids},
  volume =	 14,
  number =	 12,
  pages =	 {4372-4388},
  year =	 2002,
  doi =		 {10.1063/1.1518693},
  url =		 {https://doi.org/10.1063/1.1518693},
  DATE_ADDED =	 {Thu Oct 10 18:51:39 2019},
}

@article{vazquez-quesada-2017-theor-simul,
  author =	 {V{\'a}zquez-Quesada, A.  and Franke, T.  and Ellero, M. },
  title =	 {Theory and Simulation of the Dynamics, Deformation,
                  and Breakup of a Chain of Superparamagnetic Beads
                  Under a Rotating Magnetic Field},
  journal =	 {Physics of Fluids},
  volume =	 29,
  number =	 3,
  pages =	 032006,
  year =	 2017,
  doi =		 {10.1063/1.4978630},
  url =		 {https://doi.org/10.1063/1.4978630},
  DATE_ADDED =	 {Thu Oct 10 18:53:07 2019},
}

@article{ishikawa-2003-effec-densit,
  author =	 { Ishikawa, Y. and  Sakamoto, T and 
                  Mizuhara, K. },
  title =	 {Effect of density of riparian vegetation on
                  effective tractive force},
  journal =	 {Journal of Forest Research},
  doi =		 {10.1007/s10310-003-0032-4},
  volume =	 8,
  number =	 4,
  pages =	 {235-246},
  year =	 2003,
  url =		 {https://doi.org/10.1007/s10310-003-0032-4},
  DATE_ADDED =	 {Tue Jun 18 01:07:40 2019},
}
