
@article{reguero_coral_2018,
	title = {Coral reefs for coastal protection: {a} new methodological approach and engineering case study in {Grenada}},
	volume = {210},
	issn = {03014797},
	shorttitle = {Coral reefs for coastal protection},
	url = {https://linkinghub.elsevier.com/retrieve/pii/S0301479718300240},
	doi = {10.1016/j.jenvman.2018.01.024},
	language = {en},
	urldate = {2019-10-21},
	journal = {Journal of Environmental Management},
	author = {Reguero, B. and Beck, M. and Agostini, V. and Kramer, P. and Hancock, B.},
	month = mar,
	year = {2018},
	pages = {146--161},
	file = {Reguero et al. - 2018 - Coral reefs for coastal protection A new methodol.pdf:/home/student/Zotero/storage/I3LI2LA9/Reguero et al. - 2018 - Coral reefs for coastal protection A new methodol.pdf:application/pdf}
}

@article{jacobsen_frequency_2019,
	title = {A frequency distributed dissipation model for canopies},
	volume = {150},
	issn = {03783839},
	url = {https://linkinghub.elsevier.com/retrieve/pii/S0378383918303892},
	doi = {10.1016/j.coastaleng.2019.04.007},
	language = {en},
	urldate = {2019-10-21},
	journal = {Coastal Engineering},
	author = {Jacobsen, N. and McFall, B. and van der A, D.},
	month = aug,
	year = {2019},
	pages = {135--146},
	file = {Jacobsen et al. - 2019 - A frequency distributed dissipation model for cano.pdf:/home/student/Zotero/storage/J46NZHTC/Jacobsen et al. - 2019 - A frequency distributed dissipation model for cano.pdf:application/pdf}
}

@article{monismith_hydrodynamics_2007,
	title = {Hydrodynamics of {coral} {reefs}},
	volume = {39},
	issn = {0066-4189, 1545-4479},
	url = {http://www.annualreviews.org/doi/10.1146/annurev.fluid.38.050304.092125},
	doi = {10.1146/annurev.fluid.38.050304.092125},
	language = {en},
	number = {1},
	urldate = {2019-10-21},
	journal = {Annual Review of Fluid Mechanics},
	author = {Monismith, S.},
	month = jan,
	year = {2007},
	pages = {37--55},
	file = {Monismith - 2007 - Hydrodynamics of Coral Reefs.pdf:/home/student/Zotero/storage/REXGJ2RK/Monismith - 2007 - Hydrodynamics of Coral Reefs.pdf:application/pdf}
}

@article{zong_vortex_2012,
	title = {Vortex development behind a finite porous obstruction in a channel},
	volume = {691},
	issn = {0022-1120, 1469-7645},
	url = {https://www.cambridge.org/core/product/identifier/S0022112011004794/type/journal_article},
	doi = {10.1017/jfm.2011.479},
	language = {en},
	urldate = {2019-10-21},
	journal = {Journal of Fluid Mechanics},
	author = {Zong, L. and Nepf, H.},
	month = jan,
	year = {2012},
	pages = {368--391},
	file = {Zong and Nepf - 2012 - Vortex development behind a finite porous obstruct.pdf:/home/student/Zotero/storage/APDVESLK/Zong and Nepf - 2012 - Vortex development behind a finite porous obstruct.pdf:application/pdf}
}

@article{rominger_flow_2011,
	title = {Flow adjustment and interior flow associated with a rectangular porous obstruction},
	volume = {680},
	issn = {0022-1120, 1469-7645},
	url = {https://www.cambridge.org/core/product/identifier/S0022112011001996/type/journal_article},
	doi = {10.1017/jfm.2011.199},
	language = {en},
	urldate = {2019-10-21},
	journal = {Journal of Fluid Mechanics},
	author = {Rominger, J. and Nepf, H.},
	month = aug,
	year = {2011},
	pages = {636--659},
	file = {Rominger and Nepf - 2011 - Flow adjustment and interior flow associated with .pdf:/home/student/Zotero/storage/EJLXZ7ED/Rominger and Nepf - 2011 - Flow adjustment and interior flow associated with .pdf:application/pdf}
}