
@article{shafique_green_2017,
	title = {Green stormwater infrastructure with low impact development concept: a review of current research},
	volume = {83},
	shorttitle = {Green stormwater infrastructure with low impact development concept},
	url = {http://www.deswater.com/DWT_abstracts/vol_83/83_2017_16.pdf},
	doi = {10.5004/dwt.2017.20981},
	language = {en},
	urldate = {2019-11-19},
	journal = {Desalination and Water Treatment},
	author = {Shafique, M. and Kim, R.},
	month = oct,
	year = {2017},
	pages = {16--29},
	file = {Shafique and Kim - 2017 - Green stormwater infrastructure with low impact de.pdf:/home/student/Zotero/storage/KWEDDZA3/Shafique and Kim - 2017 - Green stormwater infrastructure with low impact de.pdf:application/pdf}
}

@article{fletcher_suds_2015,
	title = {SUDS, LID, BMPs, WSUD and more - the evolution and application of terminology surrounding urban drainage},
	volume = {12},
	issn = {1573-062X, 1744-9006},
	url = {http://www.tandfonline.com/doi/full/10.1080/1573062X.2014.916314},
	doi = {10.1080/1573062X.2014.916314},
	language = {en},
	number = {7},
	urldate = {2019-11-19},
	journal = {Urban Water Journal},
	author = {Fletcher, T. and Shuster, W. and Hunt, W. and Ashley, R. and Butler, D. and Arthur, S. and Trowsdale, S. and Barraud, S. and Semadeni-Davies, A. and Bertrand-Krajewski, J. and Mikkelsen, P. and Rivard, G. and Uhl, M. and Dagenais, D. and Viklander, M.},
	month = oct,
	year = {2015},
	pages = {525--542},
	file = {Fletcher et al. - 2015 - SUDS, LID, BMPs, WSUD and more – The evolution and.pdf:/home/student/Zotero/storage/GYKUWY35/Fletcher et al. - 2015 - SUDS, LID, BMPs, WSUD and more – The evolution and.pdf:application/pdf}
}